@article{perrenoud1992differenciation,
  title     = {Diff{\'e}renciation de l’enseignement: r{\'e}sistances, deuils et paradoxes},
  author    = {Perrenoud, Philippe},
  journal   = {Cahiers p{\'e}dagogiques},
  volume    = {306},
  pages     = {49--55},
  year      = {1992},
  publisher = {Cercle de recherche et d'action p{\'e}dagogiques}
}
@article{georges2011feedbacks,
  title     = {Les feedbacks {\`a} l’{\'e}cole: un gage de r{\'e}gulation des comportements scolaires},
  author    = {Georges, Fanny and Pansu, Pascal},
  journal   = {Revue fran{\c{c}}aise de p{\'e}dagogie. Recherches en {\'e}ducation},
  number    = {176},
  pages     = {101--124},
  year      = {2011},
  publisher = {ENS {\'E}ditions}
}
@article{leclercq2008modele,
  title     = {Le mod{\`e}le des {\'e}v{\'e}nements d'apprentissage-Enseignement},
  author    = {Leclercq, Dieudonn{\'e} and Poumay, Marianne},
  year      = {2008},
  publisher = {Universit{\'e} de Li{\`e}ge, IFRES, LabSET, Li{\`e}ge, Belgium}
}
@book{hattie2008visible,
  title     = {Visible learning: A synthesis of over 800 meta-analyses relating to achievement},
  author    = {Hattie, John},
  year      = {2008},
  publisher = {routledge}
}
@book{hattie2012visible,
  title     = {Visible learning for teachers: Maximizing impact on learning},
  author    = {Hattie, John},
  year      = {2012},
  publisher = {Routledge}
}
@book{viau1994motivation,
  title     = {La motivation en contexte scolaire},
  author    = {Viau, Rolland},
  year      = {1994},
  publisher = {{\'E}ditions du Renouveau p{\'e}dagogique}
}
@article{lawrence2004differentiated,
  title     = {Differentiated instruction: Inclusive strategies for standards-based learning that benefit the whole class},
  author    = {Lawrence-Brown, Diana},
  journal   = {American secondary education},
  pages     = {34--62},
  year      = {2004},
  publisher = {JSTOR}
}

@book{proulx2004apprentissage,
  title     = {L'apprentissage par projet},
  author    = {Proulx, Jean},
  year      = {2004},
  publisher = {PUQ}
}
@book{famose2016apprendre,
  title     = {Apprendre {\`a} apprendre: la comp{\'e}tence cl{\'e} pour s' affirmer et r{\'e}ussir {\`a} l'{\'e}cole},
  author    = {Famose, Jean-Pierre and Margnes, Eric},
  year      = {2016},
  publisher = {De Boeck sup{\'e}rieur}
}
@article{mayer2003nine,
  title     = {Nine ways to reduce cognitive load in multimedia learning},
  author    = {Mayer, Richard E and Moreno, Roxana},
  journal   = {Educational psychologist},
  volume    = {38},
  number    = {1},
  pages     = {43--52},
  year      = {2003},
  publisher = {Taylor \& Francis}
}
@book{gagne1974principles,
  title     = {Principles of instructional design.},
  author    = {Gagne, Robert M and Briggs, Leslie J},
  year      = {1974},
  publisher = {Holt, Rinehart \& Winston}
}

@article{keller1987development,
  title     = {Development and use of the ARCS model of instructional design},
  author    = {Keller, John M},
  journal   = {Journal of instructional development},
  volume    = {10},
  number    = {3},
  pages     = {2--10},
  year      = {1987},
  publisher = {Springer}
}

@book{barkley2014collaborative,
  title     = {Collaborative learning techniques: A handbook for college faculty},
  author    = {Barkley, Elizabeth F and Cross, K Patricia and Major, Claire H},
  year      = {2014},
  publisher = {John Wiley \& Sons}
}
@book{anderson2001taxonomy,
  title     = {A Taxonomy for Learning, Teaching, and Assessing: A Revision of Bloom's Taxonomy of Educational Objectives},
  author    = {Anderson, Lorin W and Krathwohl, David R},
  editor    = {Anderson, Lorin W and Krathwohl, David R},
  year      = {2001},
  publisher = {Longman}
}
@book{piaget1970structures,
  title     = {Structures et fonctionnement des systèmes cognitifs},
  author    = {Piaget, Jean},
  year      = {1970},
  publisher = {PUF}
}
@article{dunlosky2013improving,
  title     = {Improving students' learning with effective learning techniques: Promising directions from cognitive and educational psychology},
  author    = {Dunlosky, John and Rawson, Katherine A and Marsh, Elizabeth J and Nathan, Mitchell J and Willingham, Daniel T},
  journal   = {Psychological science in the public interest},
  volume    = {14},
  number    = {1},
  pages     = {4--58},
  year      = {2013},
  publisher = {American Psychological Association}
}

@article{hattie2007power,
  title     = {The power of feedback},
  author    = {Hattie, John and Timperley, Helen},
  journal   = {Review of Educational Research},
  volume    = {77},
  number    = {1},
  pages     = {81--112},
  year      = {2007},
  publisher = {SAGE Publications}
}

@article{sadler1989formative,
  title     = {Formative assessment and the design of instructional systems},
  author    = {Sadler, D Royce},
  journal   = {Instructional Science},
  volume    = {18},
  number    = {2},
  pages     = {119--144},
  year      = {1989},
  publisher = {Springer}
}
@article{hattie2007power,
  title     = {The power of feedback},
  author    = {Hattie, John and Timperley, Helen},
  journal   = {Review of Educational Research},
  volume    = {77},
  number    = {1},
  pages     = {81--112},
  year      = {2007},
  publisher = {SAGE Publications}
}

@article{black1998assessment,
  title     = {Assessment and classroom learning},
  author    = {Black, Paul and Wiliam, Dylan},
  journal   = {Assessment in Education: Principles, Policy \& Practice},
  volume    = {5},
  number    = {1},
  pages     = {7--74},
  year      = {1998},
  publisher = {Taylor \& Francis}
}

@article{kluger1996effects,
  title     = {The effects of feedback interventions on performance: A historical review, a meta-analysis, and a preliminary feedback intervention theory},
  author    = {Kluger, Avraham N and DeNisi, Angelo},
  journal   = {Psychological bulletin},
  volume    = {119},
  number    = {2},
  pages     = {254--284},
  year      = {1996},
  publisher = {American Psychological Association}
}
@incollection{flavell1976metacognitive,
  title     = {Metacognitive aspects of problem-solving},
  author    = {Flavell, John H},
  booktitle = {The nature of intelligence},
  pages     = {231--235},
  year      = {1976},
  publisher = {Lawrence Erlbaum Associates}
}

@article{zimmerman1986becoming,
  title     = {Becoming a self-regulated learner: Which are the key subprocesses?},
  author    = {Zimmerman, Barry J},
  journal   = {Contemporary Educational Psychology},
  volume    = {11},
  number    = {4},
  pages     = {307--313},
  year      = {1986},
  publisher = {Elsevier}
}
@incollection{winne1998studying,
  title     = {Studying as self-regulated learning},
  author    = {Winne, Peter H and Hadwin, Amanda F},
  booktitle = {Metacognition in educational theory and practice},
  pages     = {277--304},
  year      = {1998},
  publisher = {Lawrence Erlbaum Associates}
}